@article{GiulioToricAdd,
	Author = {Giulio Orecchia},
	Journal = {arXiv:1806.05552},
	Title = {A criterion for existence of Néron models of jacobians},
	Year = {2018}}


@article{GiulioSemiFact,
	Author = {Giulio Orecchia},
	Journal = {arXiv:1602.03700},
	Title = {Semi-factorial nodal curves and N\'eron models of Jacobians},
	Year = {2016}}



@article{DeJong,
	Author = {A.J. de Jong},
	Journal = {Publications Mathématiques de l'IHÉS, tome 83},
	Title = {Smoothness, semi-stability and alterations},
	Year = {1996}}


@article{LiuTong,
	Author = {Qing Liu AND Jilong Tong},
	Journal = {Trans. Amer. Math. Soc. , 368 (2016) 7019--7043},
	Title = {Néron models of algebraic curves},
	Year = {2013}}


@article{Holmes,
Author = {David Holmes},
Journal = {arXiv:1402.0647},
Title = {Néron models of Jacobians over base schemes of dimension greater than 1},
Year = {2016}}


@book{NeronModels,
        Author ={Siegfried Bosch AND Werner Lütkebohmert AND Michel Raynaud},
	Publisher={Springer-Verlag},
	Title ={Néron Models},
	Year ={1990}}


@book{Liu,
	Author = {Qing Liu},
	Publisher = {Oxford science publications},
	Title = {Algebraic Geometry and Arithmetic Curves},
	Year = {2002}}


@book{EGA1,
	Author = {Alexander Grothendieck AND Jean Dieudonné},
	Publisher = {Publications Mathématiques de l'IHÉS, Volume 4},
	Title = {Éléments de géométrie algébrique : I. Le langage des schémas},
	Year = {1960}}


@book{EGA2,
	Author = {Alexander Grothendieck AND Jean Dieudonné},
	Publisher = {Publications Mathématiques de l'IHÉS, Volume 8},
	Title = {Éléments de géométrie algébrique : II. Étude globale élémentaire de quelques classes de morphismes},
	Year = {1961}}


@book{EGA3.1,
	Author = {Alexander Grothendieck AND Jean Dieudonné},
	Publisher = {Publications Mathématiques de l'IHÉS, Volume 11},
	Title = {Éléments de géométrie algébrique : III. Étude cohomologique des faisceaux cohérents, Première partie},
	Year = {1961}}


@book{EGA3.2,
	Author = {Alexander Grothendieck AND Jean Dieudonné},
	Publisher = {Publications Mathématiques de l'IHÉS, Volume 17},
	Title = {Éléments de géométrie algébrique : III. Étude cohomologique des faisceaux cohérents, Seconde partie},
	Year = {1963}}


@book{EGA4.1,
	Author = {Alexander Grothendieck AND Jean Dieudonné},
	Publisher = {Publications Mathématiques de l'IHÉS, Volume 20},
	Title = {Éléments de géométrie algébrique : IV. Étude locale des schémas et des morphismes de schémas, Première partie},
	Year = {1964}}


@book{EGA4.2,
	Author = {Alexander Grothendieck AND Jean Dieudonné},
	Publisher = {Publications Mathématiques de l'IHÉS, Volume 24},
	Title = {Éléments de géométrie algébrique : IV. Étude locale des schémas et des morphismes de schémas, Seconde partie},
	Year = {1965}}


@book{EGA4.3,
	Author = {Alexander Grothendieck AND Jean Dieudonné},
	Publisher = {Publications Mathématiques de l'IHÉS, Volume 28},
	Title = {Éléments de géométrie algébrique : IV. Étude locale des schémas et des morphismes de schémas, Troisième partie},
	Year = {1966}}


@book{EGA4.4,
	Author = {Alexander Grothendieck AND Jean Dieudonné},
	Publisher = {Publications Mathématiques de l'IHÉS, Volume 32},
	Title = {Éléments de géométrie algébrique : IV. Étude locale des schémas et des morphismes de schémas, Quatrième partie},
	Year = {1967}}

@book{Raynaud,
	Author = {Michel Raynaud},
	Publisher = {Springer-Verlag Berlin Heidelberg},
	Title = {Anneaux locaux henséliens},
	Year = {1970}}


@misc{stacks-project,
  shorthand    = {Stacks},
  author       = {The {Stacks Project Authors}},
  title        = {\itshape Stacks Project},
  howpublished = {\url{http://stacks.math.columbia.edu}},
  year         = {2017},
}


@article{HypersurfacesMovingLemma,
	Author = {Ofer Gabber AND Qing Liu AND Dino Lorenzini},
	Journal = {Duke Math. J. 164, no. 7 (2015), 1187-1270},
	Title = {Hypersurfaces in projective schemes and a moving lemma},
	Year = {2014}}
	
	
@article{CompactifyingPic,
	Author = {Allen Altman AND Steven Kleiman},
	Journal = {Advances in mathematics 35, 50-112},
	Title = {Compactifying the Picard scheme},
	Year = {1980}}


@article{HolmesUniversalJacobian,
Author = {David Holmes},
Journal = {arXiv:1412.2243},
Title = {A Néron model for the universal jacobian},
Year = {2015}}


@article{TameRamification,
Author = {Bas Edixhoven},
Journal = {Compositio Mathematica, tome 81, n.3, p.291-306},
Title = {Néron models and tame ramification},
Year = {1992}}


@book{SGA1,
	Author = {Alexander Grothendieck AND Michèle Raynaud},
	Publisher = {Société mathématique de France},
	Title = {Revêtements étales et groupe fondamental},
	Year = {1961}}

@book{SGA3,
	Author = {Michel Demazure AND Alexander Grothendieck},
	Publisher = {Société mathématique de France},
	Title = {Schémas en groupes (SGA 3) Tome 1 (Propriétés générales des schémas en groupes)},
	Year = {1962-1964}}


@article{GiulioMonodromyCriterion,
	Author = {Giulio Orecchia},
	Journal = {arXiv:1904.03886},
	Title = {A monodromy criterion for existence of Neron models of abelian schemes in characteristic zero},
	Year = {2019}}



@article{Bourbaki221,
	Author = {Alexander Grothendieck},
	Journal = {Séminaire N.Bourbaki, exp. 221},
	Title = {Techniques de construction et théorèmes d’existence en géométrie algébrique IV : les schémas de Hilbert},
	Year = {1961}}